@ARTICLE{BCS,
	AUTHOR       = "John Bardeen and Leon N. Cooper and John R. Schrieffer",
	TITLE        = "Microscopic theory of superconductivity",
	JOURNAL      = "Physical Review",
	YEAR         = "1957",
	VOLUME       = "106",
	NUMBER       = "",
	PAGES        = "162",
	MONTH        = "",
	NOTE         = "",
	 doi       = "10.1103/PhysRev.106.162",
     SLACcitation  = "%%CITATION = PHRVA,106,162;%%"

}
@Article{Richardson2,
title="Exact eigenstates of the pairing-force Hamiltonian ",
AUTHOR="R. W. Richardson and N. Sherman",
JOURNAL="Nucl. Phys.",
VOLUME="52",
NUMBER="6",
YEAR="1964",
PAGES="221-238",
month="March"

}
@Article{Richardson1,
title="A RESTRICTED CLASS OF EXACT EIGENSTATES OF THE PAIRING-FORCE HAMILTONIAN",
AUTHOR="R. W. Richardson",
JOURNAL="physics letters",
VOLUME="3",
NUMBER="6",
YEAR="1963",
month="2",
PAGES="277-279"

}
@Article{nuclear,
author="Herman Feshbach",
title="A Unified Theory of Nuclear Reactions, II",
year="1962",
journal="Annals of Physics",
volume="19",
pages="287"
}

@Article{CobosonPhysicsReports,
author="Monique Combescot and Odile Betbeder-Matibet and Fran{\c c}ois Dubin",
title="The many-body physics of composite bosons",
year="2008",
journal="Physics Reports",
volume="463",
pages="215"
}
@Article{CobosonCalculation,
author="Monique Combescot and Odile Betbeder-Matibet",
title="Shiva diagrams for composite-boson many-body effects: how they work",
year="2007",
journal="The European Physical Journal B",
volume="55",
pages="63-76"
}

@book{pethick,
author="C. J. Pethick and H. Smith",
title="{Bose-{E}instein Condensation in Dilute Gases}",
year="2001",
publisher="Cambridge University Press"
}

@BOOK{landau,
author="L. D. Landau and E. M. Lifshitz",
title="Quantum Mechanics, non-relativistic theory",
volume=3,
series="Course of Theoretical Physical",
year=1999,
edition=3,
publisher="Butterworth-Heinemann",
note="Translated from Russian by J. B. Sykes and J. S. Bell, Chapter VII"
}

@UNPUBLISHED{CombescotCooper,
author="W. V. Pogosov and Monique Combescot",
title="A Striking Understanding of Cooper Pair Energy",
note="to be published",
year="2009",
}

@Book{Abrikosov,
	title = {{Methods of Quantum Field Theory in Statistical Physics}},
	publisher = {Printice-Hall, Inc.},
	year = {1963},
	author = {A. A. Abrikosov and L. P. Gorkov and I. E. Dzyaloshinski}
}
@PhDThesis{ZhangThesis,
	title = {{Strongly interacting {Fermi} gases, radio frequency spectroscopy and universality }},
	school = {University of Illinois at Urbana-Champaign},
	year = {2009},
	author = {Shizhong Zhang}
}
@Book{Leggett,
	title = {{Quantum Liquids}},
	year = {2006},
	publisher = {Oxford University Press},
	author = {Anthony J. Leggett}
}
@Article{rCombescot,
	title = {{Threshold of molecular bound stat and {BCS} transition in dense ultracold {F}ermi gases with {F}eshbach resonance}},
	volume = {32},
	year = {2004},
	number = {1},
	author = {R. Combescot},
	pages = {69},
	journal = {European Physical Journal D.}
}
@Article{rCombescot2,
	title = {{{F}eshbach resonance in dense ultracold {F}ermi gases}},
	volume = {91},
	year = {2003},
	number = {12},
	author = {R. Combescot},
	month = {9},
	pages = {120401},
	journal = {Physical Review Letter}
}

@Article{Petrov,
  title = {Weakly Bound Dimers of {Fermionic} Atoms},
  author = {Petrov, D. S. and Salomon, C.  and Shlyapnikov, G. V.},
  journal = {Phys. Rev. Lett.},
  volume = {93},
  number = {9},
  pages = {090404},
  numpages = {4},
  year = {2004},
  month = {Aug},
  doi = {10.1103/PhysRevLett.93.090404},
  publisher = {American Physical Society}
}

@Unpublished{combescotBCS,
author = {Walter V. Pogosov and  Monique Combescot and Michel Crouzeix},
title = {The two-Cooper pair problem and the Pauli exclusion principle},
  url = {http://www.citebase.org/abstract?id=oai:arXiv.org:0911.1688},
year = "2009",
MONTH="11",
eprint = "cond-mat/0911.1688",
archivePrefix = "arXiv",
SLACcitation = "%%CITATION=COND-MAT/0911.1688;%%"
}


@Article{Eagle,
	author = {D. M. Eagles},
	number = {2},
	month = {Oct},
	journal = {Physical Review},
	title = {{Possible pairing without superconductivity at low carrier concentrations
in bulk and thin-film superconducting semiconductors.}},
	pages = {456-463},
	year = {1969},
	volume = {186}
}

@InProceedings{LeggettCrossover,
	title = {{Modern Trends in the Theory of Condensed Matter}},
	booktitle = {Proceedings of the XVIth Karpacz Winter School of Theoretical Physics, Karpacz, Poland},
	author = {Antholy J Leggett},
	year = {1980},
	publisher = {Springer-Verlag},
	pages = {13-27}
}



@Book{Schrieffer,
	title = {{Theory Of Superconductivity}},
	year = {1999},
	author = {J. Robert Schrieffer},
	isbn = {0738201200},
	edition = {Revised edition},
	publisher = {Perseus Books}
}

@Article{AndersonBCS,
  title = {Random-Phase Approximation in the Theory of Superconductivity},
  author = {Anderson, P. W.},
  journal = {Phys. Rev.},
  volume = {112},
  number = {6},
  pages = {1900--1916},
  numpages = {16},
  year = {1958},
  month = {Dec},
  doi = {10.1103/PhysRev.112.1900},
  publisher = {American Physical Society}
}
@Article{BcsExact,
author = {I. A. Bernadskii and R. A. Minlos},
title = {Exact Solution of the {BCS} model},
journal = {Theoretical and Methematical Physics},
year = {1972},
OPTkey = {},
volume = {12},
number = {2},
pages = {779-787},
month = {August},
note = {Moscow Physicotechnical Institute. Translated from Teoreticheskaya i Matematicheskaya Fizika, Vol. 12, No. 2, pp. 227–238, August, 1972.},
OPTannote = {},
url = {http://www.springerlink.com/content/jtn7611514pr542n/},
doi = {10.1007/BF01035800},
issn = {0040-5779 (Print) 1573-9333 (Online)},
OPTlocalfile = {},
OPTabstract = {}
}

@Unpublished{CobosonBcsRich,
author = {Monique Combescot and Guojun Zhu},
title = {Coboson Derivation of Richardson’s Equations for Cooper pairs},
note = {},
OPTkey = {},
OPTmonth = {},
year = {2010},
OPTannote = {},
OPTurl = {},
OPTdoi = {},
OPTissn = {},
OPTlocalfile = {},
OPTabstract = {}
}

@Article{JacksonNarrow,
  title = {Multichannel scattering and Feshbach resonances: Effective theory, phenomenology, and many-body effects},
  author = {Bruun, G. M. and Jackson, A. D. and Kolomeitsev, E. E.},
  journal = {Phys. Rev. A},
  volume = {71},
  number = {5},
  pages = {052713},
  numpages = {10},
  year = {2005},
  month = {May},
  doi = {10.1103/PhysRevA.71.052713},
  publisher = {American Physical Society}
}




